
@inproceedings{ETSI_conf,
  author        = "ETSI",
  title         = "3GPP TS 25.212 version 11.4.0 Release 11",
  booktitle     = "Sophia Antipolis Cedex",
  address       = "France",
  year          = "2013",
}

@inproceedings{Space_appl,
  author={Schiavone, Riccardo and Garello, Roberto and Liva, Gianluigi},
  booktitle={2022 9th International Workshop on Tracking, Telemetry and Command Systems for Space Applications (TTC)}, 
  title={Application of List Viterbi Algorithms to Improve the Performance in Space Missions using Convolutional Codes}, 
  year={2022},
  volume={},
  number={},
  pages={1-8},
  doi={10.1109/TTC55771.2022.9975785}
  }

@article{coskun,
  author       = {Mustafa Cemil Coskun and
                  Giuseppe Durisi and
                  Thomas Jerkovits and
                  Gianluigi Liva and
                  William E. Ryan and
                  Brian Stein and
                  Fabian Steiner},
  title        = {Efficient Error-Correcting Codes in the Short Blocklength Regime},
  journal      = {CoRR},
  volume       = {abs/1812.08562},
  year         = {2018},
  url          = {http://arxiv.org/abs/1812.08562},
  eprinttype    = {arXiv},
  eprint       = {1812.08562},
  timestamp    = {Wed, 02 Jan 2019 14:40:18 +0100},
  biburl       = {https://dblp.org/rec/journals/corr/abs-1812-08562.bib},
  bibsource    = {dblp computer science bibliography, https://dblp.org}
}

@ARTICLE{Tailbiting,
  author={Ma, H. and Wolf, J.},
  journal={IEEE Transactions on Communications}, 
  title={On Tail Biting Convolutional Codes}, 
  year={1986},
  volume={34},
  number={2},
  pages={104-111},
  doi={10.1109/TCOM.1986.1096498}}

@ARTICLE{plvd,
  author={Seshadri, N. and Sundberg, C.-E.W.},
  journal={IEEE Transactions on Communications}, 
  title={List Viterbi decoding algorithms with applications}, 
  year={1994},
  volume={42},
  number={234},
  pages={313-323},
  doi={10.1109/TCOMM.1994.577040}}

@ARTICLE{ChesterPaper,
  author={Hulse C.},
  journal={IEEE Transactions on Communications}, 
  title={FPGA Implementation of Decoders for CRC-Aided Tail-biting Convolutional Codes}, 
  year={2022},
  volume={},
  number={},
  pages={},
  address={UCLA}
}

  @ARTICLE{noise_gen,
  author={Lee, D.-U. and Luk, W. and Villasenor, J.D. and Cheung, P.Y.K.},
  journal={IEEE Transactions on Computers}, 
  title={A Gaussian noise generator for hardware-based simulations}, 
  year={2004},
  volume={53},
  number={12},
  pages={1523-1534},
  doi={10.1109/TC.2004.106}}

@misc{king2023design,
      title={Design, Performance, and Complexity of CRC-Aided List Decoding of Convolutional and Polar Codes for Short Messages}, 
      author={Jacob King and Hanwen Yao and William Ryan and Richard D. Wesel},
      year={2023},
      eprint={2302.07513},
      archivePrefix={arXiv},
      primaryClass={cs.IT}
}